% -----------------------------------------------------------------------
% File: CogSci_Template.bib
% -----------------------------------------------------------------------

% Modified : Eli M. Silk (esilk at pitt.edu)            05/24/2005
@InProceedings{Sean2014,
author="Curtis, Sean
and Manocha, Dinesh",
title="Pedestrian Simulation Using Geometric Reasoning in Velocity Space",
booktitle="Pedestrian and Evacuation Dynamics 2012",
year="2014",
publisher="Springer International Publishing",
address="Cham",
pages="875--890",
}
@article{Bera2017,
  author    = {Aniket Bera and
               Tanmay Randhavane and
               Rohan Prinja and
               Dinesh Manocha},
  title     = {SocioSense: Robot Navigation Amongst Pedestrians with Social and Psychological
               Constraints},
  journal   = {CoRR},
  volume    = {abs/1706.01102},
  year      = {2017},
}

@inproceedings{Vandenberg2008,
author = {van den Berg, Jur and Lin, Ming and Manocha, Dinesh},
year = {2008},
month = {05},
pages = {1928-1935},
title = {Reciprocal Velocity Obstacles for Real-Time Multi-agent Navigation},
journal = {ICRA},
doi = {10.1109/ROBOT.2008.4543489}
}
@InProceedings{Alahi2016,
author = {Alahi, Alexandre and Goel, Kratarth and Ramanathan, Vignesh and Robicquet, Alexandre and Fei-Fei, Li and Savarese, Silvio},
title = {Social LSTM: Human Trajectory Prediction in Crowded Spaces},
booktitle = {The IEEE Conference on Computer Vision and Pattern Recognition (CVPR)},
month = {June},
year = {2016}
}
@INPROCEEDINGS{Morris2011, 
author={B. Morris and A. Doshi and M. Trivedi}, 
booktitle={2011 IEEE Intelligent Vehicles Symposium (IV)}, 
title={Lane change intent prediction for driver assistance: On-road design and evaluation}, 
year={2011}, 
pages={895-901}, 
}
@article{Helbing1998,
author = {Helbing, Dirk and Molnar, Peter},
year = {1998},
title = {Social Force Model for Pedestrian Dynamics},
volume = {51},
journal = {Physical Review E},
}

@article{Vemula2017,
  author    = {Anirudh Vemula and
               Katharina M{\"{u}}lling and
               Jean Oh},
  title     = {Social Attention: Modeling Attention in Human Crowds},
  journal   = {CoRR},
  volume    = {abs/1710.04689},
  year      = {2017},
  archivePrefix = {arXiv},
}

@Article{Kooij2018,
author="Kooij, Julian F. P.
and Flohr, Fabian
and Pool, Ewoud A. I.
and Gavrila, Dariu M.",
title="Context-Based Path Prediction for Targets with Switching Dynamics",
journal="International Journal of Computer Vision",
year="2018",
month="Jul",
day="02",
issn="1573-1405",
doi="10.1007/s11263-018-1104-4",
url="https://doi.org/10.1007/s11263-018-1104-4"
}

@article{mnih2015humanlevel,
  added-at = {2015-08-26T14:46:40.000+0200},
  author = {Mnih, Volodymyr and Kavukcuoglu, Koray and Silver, David and Rusu, Andrei A. and Veness, Joel and Bellemare, Marc G. and Graves, Alex and Riedmiller, Martin and Fidjeland, Andreas K. and Ostrovski, Georg and Petersen, Stig and Beattie, Charles and Sadik, Amir and Antonoglou, Ioannis and King, Helen and Kumaran, Dharshan and Wierstra, Daan and Legg, Shane and Hassabis, Demis},
  biburl = {https://www.bibsonomy.org/bibtex/2fb15f4471c81dc2b9edf2304cb2f7083/hotho},
  description = {Human-level control through deep reinforcement learning - nature14236.pdf},
  interhash = {eac59980357d99db87b341b61ef6645f},
  intrahash = {fb15f4471c81dc2b9edf2304cb2f7083},
  issn = {00280836},
  journal = {Nature},
  keywords = {deep learning toread},
  month = feb,
  number = 7540,
  pages = {529--533},
  publisher = {Nature Publishing Group, a division of Macmillan Publishers Limited. All Rights Reserved.},
  timestamp = {2015-08-26T14:46:40.000+0200},
  title = {Human-level control through deep reinforcement learning},
  url = {http://dx.doi.org/10.1038/nature14236},
  volume = 518,
  year = 2015
}

@InProceedings{Louizos2016,
  title =    {Structured and Efficient Variational Deep Learning with Matrix Gaussian Posteriors},
  author =   {Christos Louizos and Max Welling},
  booktitle =    {Proceedings of The 33rd International Conference on Machine Learning},
  pages =    {1708--1716},
  year =   {2016},
  volume =   {48},
  series =   {Proceedings of Machine Learning Research},
  address =    {New York, New York, USA},
}

@inproceedings{Gal2015,
Author = {Yarin Gal and Zoubin Ghahramani},
Title = {Dropout as a {B}ayesian Approximation: Representing Model Uncertainty in Deep Learning},
booktitle = {Proceedings of the 33rd International Conference on Machine Learning (ICML-16)},
year={2016}
}

@article{Dropout2014,
  author  = {Nitish Srivastava and Geoffrey Hinton and Alex Krizhevsky and Ilya Sutskever and Ruslan Salakhutdinov},
  title   = {Dropout: A Simple Way to Prevent Neural Networks from Overfitting},
  journal = {Journal of Machine Learning Research},
  year    = {2014},
  volume  = {15},
  pages   = {1929-1958},
}

@incollection{Lakshmi2016,
title = {Simple and Scalable Predictive Uncertainty Estimation using Deep Ensembles},
author = {Lakshminarayanan, Balaji and Pritzel, Alexander and Blundell, Charles},
booktitle = {Advances in Neural Information Processing Systems 30},
pages = {6402--6413},
year = {2017},
}

@incollection{Graves2011,
title = {Practical Variational Inference for Neural Networks},
author = {Graves, Alex},
booktitle = {Advances in Neural Information Processing Systems 24},
pages = {2348--2356},
year = {2011},
}
@incollection{Springenberg_2016,
title = {Bayesian Optimization with Robust Bayesian Neural Networks},
author = {Springenberg, Jost Tobias and Klein, Aaron and Falkner, Stefan and Hutter, Frank},
booktitle = {Advances in Neural Information Processing Systems 29},
pages = {4134--4142},
year = {2016},
}


@incollection{Lerer,
title = {Learning Physical Intuition of Block Towers by Example},
author = {Lerer, Adam and Gross, Sam and Fergus, Rob},
year = {2016},
}

@PhdThesis{MacKay1992,
    title = {Bayesian methods for adaptive models},
  author={MacKay, David J.C.},
  year={1992},
    school = {California Institute of Technology}
}
@book{Neal1996,
 author = {Neal, Radford M.},
 title = {Bayesian Learning for Neural Networks},
 year = {1996},
 isbn = {0387947248},
 publisher = {Springer-Verlag},
 address = {Berlin, Heidelberg},
} 

@inproceedings{Gal2015,
Author = {Yarin Gal and Zoubin Ghahramani},
Title = {Dropout as a {B}ayesian Approximation: Representing Model Uncertainty in Deep Learning},
booktitle = {Proceedings of the 33rd International Conference on Machine Learning (ICML-16)},
year={2016}
}

@article {Battaglia2013,
	author = {Battaglia, Peter W. and Hamrick, Jessica B. and Tenenbaum, Joshua B.},
	title = {Simulation as an engine of physical scene understanding},
	volume = {110},
	number = {45},
	pages = {18327--18332},
	year = {2013},
	doi = {10.1073/pnas.1306572110},
	publisher = {National Academy of Sciences},
journal = {Proceedings of the National Academy of Sciences}
}
@ARTICLE{Keller2014, 
author={C. G. Keller and D. M. Gavrila}, 
journal={IEEE Transactions on Intelligent Transportation Systems}, 
title={Will the Pedestrian Cross? A Study on Pedestrian Path Prediction}, 
year={2014}, 
volume={15}, 
number={2}, 
pages={494-506}, 
month={April},
}

@incollection{Osband2016,
title = {Deep Exploration via Bootstrapped DQN},
author = {Osband, Ian and Blundell, Charles and Pritzel, Alexander and Van Roy, Benjamin},
booktitle = {Advances in Neural Information Processing Systems 29},
editor = {D. D. Lee and M. Sugiyama and U. V. Luxburg and I. Guyon and R. Garnett},
pages = {4026--4034},
year = {2016},
}

@misc{Bramley2017,
 title={Intuitive Experimentation in the Physical World},
 author={Bramley, Neil and Gerstenberg, Tobias and Tenenbaum, Josh and Gureckis, Todd M},
 year={2017},
 month={Nov}
}

% -----------------------------------------------------------------------
% Document End
% -----------------------------------------------------------------------
